
@book{wilson_finite_2009,
	location = {London},
	title = {The Finite Simple Groups},
	volume = {251},
	rights = {http://www.springer.com/tdm},
	isbn = {978-1-84800-987-5 978-1-84800-988-2},
	series = {Graduate Texts in Mathematics},
	publisher = {Springer},
	author = {Wilson, Robert A.},
	date = {2009},
	doi = {10.1007/978-1-84800-988-2},
	keywords = {Algebra, Algebraic structure, Alternating groups, Group theory type groups, Simple groups, Sporadic groups},
	file = {Version soumise:C\:\\Users\\coren\\Zotero\\storage\\B73C69H8\\Wilson - 2009 - The Finite Simple Groups.pdf:application/pdf},
}

@book{carter_simple_1972,
	title = {Simple groups of Lie type},
	isbn = {978-0-471-13735-1},
	url = {http://archive.org/details/simplegroupsofli0000cart},
	abstract = {[3], viii, 331 p. 24 cm; "A Wiley-Interscience publication."; Bibliography: p. 311-322},
	pagetotal = {354},
	publisher = {London, New York, Wiley-Interscience},
	author = {Carter, Roger W. (Roger William)},
	editora = {{Internet Archive}},
	editoratype = {collaborator},
	date = {1972},
	keywords = {Lie groups},
}

@incollection{segal_simple_1995,
	location = {Cambridge},
	title = {Simple groups of Lie type},
	isbn = {978-0-521-49922-4},
	url = {https://www.cambridge.org/core/books/lectures-on-lie-groups-and-lie-algebras/simple-groups-of-lie-type/84B5B6521DC124A85150C0096BDAB7E8},
	series = {London Mathematical Society Student Texts},
	pages = {36--44},
	booktitle = {Lectures on Lie Groups and Lie Algebras},
	publisher = {Cambridge University Press},
	editor = {Segal, Graeme B. and {MacDonald}, Ian G. and Carter, Roger W.},
	date = {1995},
	doi = {10.1017/CBO9781139172882.006},
	file = {Snapshot:C\:\\Users\\coren\\Zotero\\storage\\3W5ETA3P\\84B5B6521DC124A85150C0096BDAB7E8.html:text/html},
}

@book{bourbaki_groupes_2007,
	title = {Groupes et alg√®bres de Lie: Chapitres 4, 5 et 6},
	isbn = {978-3-540-34491-9},
	shorttitle = {Groupes et alg√®bres de Lie},
	abstract = {Les √âl√©ments de math√©matique de Nicolas Bourbaki ont pour objet une pr√©sentation rigoureuse, syst√©matique et sans pr√©requis des math√©matiques depuis leurs fondements.  Ce troisi√®me volume du Livre sur les Groupes et alg√®bres de Lie, neuvi√®me Livre du trait√©, est consacr√© aux structures de syst√®mes de racines, de groupes de Coxeter et de syst√®mes de Tits, qui apparaissent naturellement dans l‚Äô√©tude des groupes de Lie analytique ou alg√©briques. Il comprend les chapitres: -Groupes de Coxeter et syst√®mes de Tits, -Groupes engenders par des reflexions, -Syst√®mes de racines.   Ce volume contient √©galement des planches d√©crivant les diff√©rents types de syst√®mes de raciness et des notes historiques.   Ce volume est une r√©impression de l‚Äô√©dition de 1968.},
	pagetotal = {284},
	publisher = {Springer Science \& Business Media},
	author = {Bourbaki, N.},
	date = {2007-05-26},
	langid = {french},
	note = {Google-Books-{ID}: 4NpGP9BbdygC},
	keywords = {Mathematics / Algebra / General, Mathematics / Group Theory},
}

@book{carter_finite_1985,
	title = {Finite groups of Lie type : conjugacy classes and complex characters},
	isbn = {978-0-471-90554-7},
	url = {http://archive.org/details/finitegroupsofli0000cart},
	shorttitle = {Finite groups of Lie type},
	abstract = {xii, 544 pages : 24 cm; "A Wiley-Interscience publication."; Bibliography: p. 507-533; Includes indexes},
	pagetotal = {570},
	publisher = {Chichester [West Sussex] ; New York : Wiley},
	author = {Carter, Roger W. (Roger William)},
	editora = {{Internet Archive}},
	editoratype = {collaborator},
	date = {1985},
	keywords = {Finite groups},
}

@online{noauthor_iu_nodate,
	title = {iu (591√ó596)},
	url = {https://external-content.duckduckgo.com/iu/?u=https%3A%2F%2Fwww.pngkit.com%2Fpng%2Ffull%2F400-4009891_nos-visitarn-astrix-y-oblix-para-que-los.png&f=1&nofb=1&ipt=8d35ba71263c7be3eb53c21cc9469d3350e8d2f413fcd0b60c94db7f55e466c3&ipo=images},
	file = {iu (591√ó596):C\:\\Users\\coren\\Zotero\\storage\\Q7RB7A4R\\iu.html:text/html},
}

@article{coxeter_discrete_1934,
	title = {Discrete Groups Generated by Reflections},
	volume = {35},
	issn = {0003486X},
	doi = {10.2307/1968753},
	abstract = {1-3. Polytopes with restricted dihedral angles 590 4-7. Fundamental regions 594 8. The abstract definition 599 9. Complete enumeration of the irreducible groups 601 10-13. Continued products of the generators 602 14, 15. The central inversion 606 16. The total number of reflections 610 17. Generation by two operations 612 18. Elliptic space 617 Table of irreducible finite groups generated by reflections 618 Graphical representation 619 Index 620 References 620},
	pages = {588},
	number = {3},
	journaltitle = {The Annals of Mathematics},
	shortjournal = {The Annals of Mathematics},
	author = {Coxeter, H. S. M.},
	date = {1934-07},
}

@online{noauthor_theorem_nodate,
	title = {Theorem Proving in Lean 4 - Theorem Proving in Lean 4},
	url = {https://leanprover.github.io/theorem_proving_in_lean4/title_page.html},
	urldate = {2024-08-17},
	file = {Theorem Proving in Lean 4 - Theorem Proving in Lean 4:C\:\\Users\\coren\\Zotero\\storage\\8KPXQSJX\\title_page.html:text/html},
}

@online{noauthor_mathematics_nodate,
	title = {Mathematics in Lean ‚Äî Mathematics in Lean 0.1 documentation},
	url = {https://leanprover-community.github.io/mathematics_in_lean/index.html},
	file = {Mathematics in Lean ‚Äî Mathematics in Lean 0.1 documentation:C\:\\Users\\coren\\Zotero\\storage\\6XAWAHIQ\\index.html:text/html},
}

@article{tits_algebraic_1964,
	title = {Algebraic and Abstract Simple Groups},
	volume = {80},
	issn = {0003-486X},
	url = {https://www.jstor.org/stable/1970394},
	doi = {10.2307/1970394},
	pages = {313--329},
	number = {2},
	journaltitle = {Annals of Mathematics},
	author = {Tits, J.},
	date = {1964},
	note = {Publisher: [Annals of Mathematics, Trustees of Princeton University on Behalf of the Annals of Mathematics, Mathematics Department, Princeton University]},
}

@inproceedings{buzzard_formalising_2020,
	title = {Formalising perfectoid spaces},
	doi = {10.1145/3372885.3373830},
	abstract = {Perfectoid spaces are sophisticated objects in arithmetic geometry introduced by Peter Scholze in 2012. We formalised enough definitions and theorems in topology, algebra and geometry to define perfectoid spaces in the Lean theorem prover. This experiment confirms that a proof assistant can handle complexity in that direction, which is rather different from formalising a long proof about simple objects. It also confirms that mathematicians with no computer science training can become proficient users of a proof assistant in a relatively short period of time. Finally, we observe that formalising a piece of mathematics that is a trending topic boosts the visibility of proof assistants amongst pure mathematicians.},
	pages = {299--312},
	booktitle = {Proceedings of the 9th {ACM} {SIGPLAN} International Conference on Certified Programs and Proofs},
	author = {Buzzard, Kevin and Commelin, Johan and Massot, Patrick},
	date = {2020-01-20},
	eprinttype = {arxiv},
	eprint = {1910.12320 [cs, math]},
	keywords = {Computer Science - Logic in Computer Science, Mathematics - Algebraic Geometry, Mathematics - Number Theory},
	file = {arXiv Fulltext PDF:C\:\\Users\\coren\\Zotero\\storage\\9AZVQ6XA\\Buzzard et al. - 2020 - Formalising perfectoid spaces.pdf:application/pdf;arXiv.org Snapshot:C\:\\Users\\coren\\Zotero\\storage\\R4C6IWD4\\1910.html:text/html},
}

@software{noauthor_leanprover-communitylean-liquid_2024,
	title = {leanprover-community/lean-liquid},
	url = {https://github.com/leanprover-community/lean-liquid},
	abstract = {üíß Liquid Tensor Experiment},
	publisher = {leanprover-community},
	date = {2024-08-12},
	note = {original-date: 2020-11-30T11:14:21Z},
}
